@ARTICLE{10367998,
  author={Yang, Zaikai and Lu, Qian and Zhang, Hanlin and Chen, Fei and Xian, Hequn},
  journal={IEEE Internet of Things Journal}, 
  title={Eliminating Rogue Access Point Attacks in IoT: A Deep Learning Approach With Physical-Layer Feature Purification and Device Identification}, 
  year={2024},
  volume={11},
  number={8},
  pages={14886-14900},
  keywords={Fingerprint recognition;Internet of Things;Hardware;Clocks;Behavioral sciences;Wireless fidelity;Object recognition;Channel state information (CSI);deep learning;Internet of Things (IoT) security;physical-layer identification;Rogue access point (AP) detection;Wi-Fi security},
  doi={10.1109/JIOT.2023.3345378}}

@article{3536423,
author = {Lin, Yuxiang and Gao, Yi and Li, Bingji and Dong, Wei},
title = {Detecting Rogue Access Points Using Client-agnostic Wireless Fingerprints},
year = {2022},
issue_date = {February 2023},
publisher = {Association for Computing Machinery},
address = {New York, NY, USA},
volume = {19},
number = {1},
issn = {1550-4859},
doi = {10.1145/3536423},
journal = {ACM Trans. Sen. Netw.},
month = dec,
articleno = {14},
numpages = {25}}

@article{4410983,
  author={Watkins, Lanier and Beyah, Raheem and Corbett, Cherita},
  booktitle={IEEE GLOBECOM 2007 - IEEE Global Telecommunications Conference}, 
  title={A passive approach to rogue access point detection}, 
  year={2007},
  volume={},
  number={},
  pages={355-360},
  keywords={Communication system security;Wireless networks;Information security;Probes;Computer security;National security;Telecommunication traffic;Authorization},
  doi={10.1109/GLOCOM.2007.73}}

@article{9701078,
  author={Komanduri, Narahari and Sankaran, Sriram},
  booktitle={2021 IEEE International Symposium on Smart Electronic Systems (iSES)}, 
  title={Experimental Assessment of Wireless LANs against Rogue Access Points}, 
  year={2021},
  volume={},
  number={},
  pages={406-409},
  keywords={Performance evaluation;Wireless communication;Scalability;Organizations;Data breach;Real-time systems;Nanoscale devices;802.11;Wireless Access Point;Rogue Access Point},
  doi={10.1109/iSES52644.2021.00098}}

@article{9127375,
  author={Lin, Yuxiang and Gao, Yi and Li, Bingji and Dong, Wei},
  booktitle={2020 IEEE International Conference on Pervasive Computing and Communications (PerCom)}, 
  title={Accurate and Robust Rogue Access Point Detection with Client-Agnostic Wireless Fingerprinting}, 
  year={2020},
  volume={},
  number={},
  pages={1-10},
  doi={10.1109/PerCom45495.2020.9127375}}



%% 総務省
@article{総務省2020令和,
  title={令和 2 年 情報通信白書},
  author={総務省},
  year={2020}
}

% 総合大会
@article{sougo, 
  title={トラヒック負荷を考慮したEvil-Twin検知手法の提案}, 
  author={上田智之 and 宮田純子},
  journal={電子情報通信学会総合大会},
  number={},
  pages={},
  year={2023},
  publisher={電子情報通信学会}
  }

%% 特殊長フレームの到着時刻に基づく検知
@article{lu2019slfat,
  title={SLFAT: client-side evil twin detection approach based on arrival time of special length frames},
  author={Lu, Qian and Qu, Haipeng and Ouyang, Yuzhan and Zhang, Jiahui},
  journal={Security and Communication Networks},
  volume={2019},
  year={2019},
  publisher={Hindawi}
}

%% CETAD: ホットスポットにおけるEvil-Twin攻撃の検出
@article{6997491,  author={Mustafa, Hossen and Xu, Wenyuan},  booktitle={2014 IEEE Conference on Communications and Network Security},   title={CETAD: Detecting evil twin access point attacks in wireless hotspots},   year={2014},  volume={},  number={},  pages={238-246},  doi={10.1109/CNS.2014.6997491}}

%% ユーザアクセス情報を用いたETA検知
@article{morita2021eta,
  title={ユーザアクセス情報を利用した Evil Twin 攻撃検出手法},
  author={森田雅也},
  journal={法政大学大学院紀要. 理工学・工学研究科編},
  number={62},
  pages={1--6},
  year={2021},
  publisher={法政大学大学院理工学・工学研究科}
}

%% 佐藤先輩
@article{sato2016rtt,
  title={RTT の分散を考慮した中間者攻撃検知手法の提案},
  author={佐藤隼人 and 宮田純子 and 加島宜雄 and others},
  journal={研究報告電子化知的財産・社会基盤 (EIP)},
  volume={2016},
  number={4},
  pages={1--6},
  year={2016}
}

%% 2009年不正 AP 検出方式
@article{5062077,  author={Han, H. and Sheng, B. and Tan, C. C. and Li, Q. and Lu, S.},  booktitle={IEEE INFOCOM 2009},   title={A Measurement Based Rogue AP Detection Scheme},   year={2009},  volume={},  number={},  pages={1593-1601},  doi={10.1109/INFCOM.2009.5062077}}

%% 不正APの分類と脅威
@article{9763150,
  author={Patel, Kashyap C. and Patel, Ajaykumar},
  booktitle={2022 9th International Conference on Computing for Sustainable Global Development (INDIACom)}, 
  pages={679-688},
  title={Taxonomy and Future Threat of Rogue Access Point for Wireless Network}, 
  year={2022},
  volume={},
  number={},
  doi={10.23919/INDIACom54597.2022.9763150}}

%% Evil Twin攻撃検出のためのWi-Fiフレーム分類と特徴抽出分析
@article{9231042,  author={Asaduzzaman, Md. and Majib, Mohammad Shahjahan and Rahman, Md. Mahbubur},  booktitle={2020 IEEE Region 10 Symposium (TENSYMP)},   title={Wi-Fi Frame Classification and Feature Selection Analysis in Detecting Evil Twin Attack},   year={2020},  volume={},  number={},  pages={1704-1707},  doi={10.1109/TENSYMP50017.2020.9231042}}

%% Androidアプリケーションによる偽APの位置特定
@article{8780768,  author={Xu, Bin and Peng, Min and Zhou, Qing F. and Cheng, Xusheng},  booktitle={2018 IEEE 4th International Conference on Computer and Communications (ICCC)},   title={Fake Access Point Localization Based on Optimal Reference Points},   year={2018},  volume={},  number={},  pages={784-788},  doi={10.1109/CompComm.2018.8780768}}

%% SDN対応WiFiにおけるEvil Twin攻撃の検出と軽減
@ARTICLE{8989802,  author={Shrivastava, Pragati and Jamal, Mohd Saalim and Kataoka, Kotaro},  journal={IEEE Transactions on Network and Service Management},   title={EvilScout: Detection and Mitigation of Evil Twin Attack in SDN Enabled WiFi},   year={2020},  volume={17},  number={1},  pages={89-102},  doi={10.1109/TNSM.2020.2972774}}

%% Androidベースのスプーフィング検出
@ARTICLE{9694649,  author={Mwinuka, Lunodzo J. and Agghey, Abel Z. and Kaijage, Shubi F. and Ndibwile, Jema D.},  journal={IEEE Access},   title={FakeAP Detector: An Android-Based Client-Side Application for Detecting Wi-Fi Hotspot Spoofing},   year={2022},  volume={10},  number={},  pages={13611-13623},  doi={10.1109/ACCESS.2022.3146802}}

%% RTTを利用したユーザサイドET検知
@article{8955158,  author={Kitisriworapan, Songrit and Jansang, Aphirak and Phonphoem, Anan},  booktitle={2019 16th International Conference on Electrical Engineering/Electronics, Computer, Telecommunications and Information Technology (ECTI-CON)},   title={Evil-Twin Detection on Client-side},   year={2019},  volume={},  number={},  pages={697-700},  doi={10.1109/ECTI-CON47248.2019.8955158}}

%% ARPを利用した不正AP検知
@article{9569473,  author={Igarashi, Kosuke and Kato, Hiroya and Sasase, Iwao},  booktitle={2021 IEEE 32nd Annual International Symposium on Personal, Indoor and Mobile Radio Communications (PIMRC)},   title={Rogue Access Point Detection by Using ARP Failure under the MAC Address Duplication},   year={2021},  volume={},  number={},  pages={1469-1474},  doi={10.1109/PIMRC50174.2021.9569473}}

%% 経路情報に基づく不正AP検知
@article{HSU201962,
title = {A solution to detect the existence of a malicious rogue AP},
journal = {Computer Communications},
volume = {142-143},
pages = {62-68},
year = {2019},
issn = {0140-3664},
doi = {https://doi.org/10.1016/j.comcom.2019.03.013},
url = {https://www.sciencedirect.com/science/article/pii/S0140366418306005},
author = {Fu-Hau Hsu and Yu-Liang Hsu and Chuan-Sheng Wang},
keywords = {Wi-fi, Evil twin, Rogue access point, Wireless security, Network security},
abstract = {A malicious rogue AP works like an evil twin; however, instead of using a good twin to connect to the Internet, a malicious rogue AP uses a 3G/4G mobile network to connect to the Internet. While administrators have sufficient information to distinguish rogue APs, it is difficult for client users to know whether they are using a wireless network with malicious an AP. To solve evil twin problems at client-side, many solutions make their detection based on some time metrics or evil twin features. However, time metrics may be influenced by pre-fetching, network topology, traffic volume, or network types. And the evil twin features such as packet forwarding cannot distinguish malicious rogue APs because they behave just like a legitimate AP. To solve above problem, this paper proposes an active user-side solution, called Wi-Fi Malicious Rogue AP Finder (RAF). RAF can be installed in any computer or laptop without any special requirement. RAF detect the existence of a malicious rogue AP based on different reverse traceroute information collected by a remote server. To the best of our knowledge, RAF is the first one client-side solution which could detect malicious rogue APs based on path information but not time metrics.}
}

%% RTTを機械学習で分類、閾値と比較して検知する方法
@ARTICLE{9405821,  author={Kitisriworapan, S., Jansang, A. and Phonphoem, A.},  journal={J Wireless Com Network 2020, 252 (2020)},   title={Client-side rogue access-point detection using a simple walking strategy and round-trip time analysis.},   year={2020}}

%% スパース回復技術 RAP局在化、異常値検出
@ARTICLE{9339980,  author={Pu, Qiaolin and Ng, Joseph Kee-Yin and Zhou, Mu and Wang, Jie},  journal={IEEE Transactions on Vehicular Technology},   title={A Joint Rogue Access Point Localization and Outlier Detection Scheme Leveraging Sparse Recovery Technique},   year={2021},  volume={70},  number={2},  pages={1866-1877},  doi={10.1109/TVT.2021.3055263}}

%% バックボーン遅延 ETA検知
@article{9016480,  author={Zhang, Ziwei and Hasegawa, Hirokazu and Yamaguchi, Yukiko and Shimada, Hajime},  booktitle={2020 International Conference on Information Networking (ICOIN)},   title={Rogue AP Detection using Similarity of Backbone Delay Fluctuation Histogram},   year={2020},  volume={},  number={},  pages={239-244},  doi={10.1109/ICOIN48656.2020.9016480}}

%% TCPコネクション終了の時間遅延統計 ETA検知
@article{8323700,  author={Kuo, En-Chun and Chang, Ming-Sang and Kao, Da-Yu},  booktitle={2018 20th International Conference on Advanced Communication Technology (ICACT)},   title={User-side evil twin attack detection using time-delay statistics of TCP connection termination},   year={2018},  volume={},  number={},  pages={211-216},  doi={10.23919/ICACT.2018.8323700}}

%% IoT リアルタイム不正AP検出
@article{8737455,  author={Liu, Pengfei and Yang, Panlong and Song, Wen-Zhan and Yan, Yubo and Li, Xiang-Yang},  booktitle={IEEE INFOCOM 2019 - IEEE Conference on Computer Communications},   title={Real-time Identification of Rogue WiFi Connections Using Environment-Independent Physical Features},   year={2019},  volume={},  number={},  pages={190-198},  doi={10.1109/INFOCOM.2019.8737455}}

@INPROCEEDINGS{10375616,
  author={Ueda, Tomoyuki and Saif, Amgad and Miyata, Sumiko and Nakahara, Masataka and Kubota, Ayumu},
  booktitle={2023 IEEE 13th International Conference on Consumer Electronics - Berlin (ICCE-Berlin)}, 
  title={A Client-Side Evil-Twin Attack Detection System with Threshold Considering Traffic Load}, 
  year={2023},
  volume={},
  number={},
  pages={68-69},
  keywords={Telecommunication traffic;Security;Wireless fidelity;Consumer electronics;Evil-twin;Rogue access point;Round trip time},
  doi={10.1109/ICCE-Berlin58801.2023.10375616}}
