@article{2021evil,
  title={Evil Twin Attack Mitigation Techniques in 802.11 Networks},
  author={Muthalagu, Raja and Sanjay, Sachin},
  journal={International Journal of Advanced Computer Science and Applications},
  volume={12},
  number={6},
  year={2021},
  publisher={Science and Information (SAI) Organization Limited}
}

%% 2009年不正 AP 検出方 20230624宮田がちょっと修正してます
@INPROCEEDINGS{5062077,
  author={Han, H. and Sheng, B. and Tan, C. C. and Li, Q. and Lu, S.},
  booktitle={IEEE INFOCOM 2009}, 
  title={A Measurement Based Rogue AP Detection Scheme}, 
  volume={},
  number={},
  pages={1593-1601},
    year={2009},
  doi={10.1109/INFCOM.2009.5062077}}

%% RTTを利用したユーザサイドET検知
@article{8955158,  author={Kitisriworapan, Songrit and Jansang, Aphirak and Phonphoem, Anan},  booktitle={2019 16th International Conference on Electrical Engineering/Electronics, Computer, Telecommunications and Information Technology (ECTI-CON)},   title={Evil-Twin Detection on Client-side},   year={2019},  volume={},  number={},  pages={697-700},  doi={10.1109/ECTI-CON47248.2019.8955158}}


%% RTTを機械学習で分類、閾値と比較して検知する方法
@ARTICLE{9405821,  author={Kitisriworapan, S., Jansang, A. and Phonphoem, A.},  journal={J Wireless Com Network 2020, 252 (2020)},   title={Client-side rogue access-point detection using a simple walking strategy and round-trip time analysis.},   year={2020}}

%% スパース回復技術 RAP局在化、異常値検出
@ARTICLE{9339980,  author={Pu, Qiaolin and Ng, Joseph Kee-Yin and Zhou, Mu and Wang, Jie},  journal={IEEE Transactions on Vehicular Technology},   title={A Joint Rogue Access Point Localization and Outlier Detection Scheme Leveraging Sparse Recovery Technique},   year={2021},  volume={70},  number={2},  pages={1866-1877},  doi={10.1109/TVT.2021.3055263}}
